\usepackage{natbib}

@book{adams1995hitchhiker,
  title={The Hitchhiker's Guide to the Galaxy},
  author={Adams, D.},
  isbn={9781417642595},
  url={http://books.google.com/books?id=W-xMPgAACAAJ},
  year={1995},
  publisher={San Val}
}
@techreport{settles.tr09,
  author = {B. Settles},
  institution = {University of Wisconsin--Madison},
  number = {1648},
  title = {Active Learning Literature Survey},
  type = {Computer Sciences Technical Report},
  year = {2009}
}

@misc{CT.2015,
  author = {Schulz, A. and Guckelsberger, C. and Janssen, F.},
  title = {Semantic Abstraction for Generalization of Tweet Classification},
  institution = {Semantic Web Journal},
  url = {http://www.semantic-web-journal.net/system/files/swj926.pdf?fbclid=IwAR03rJyGdaa-Nkg5ber7Eql-JXvk8kXk-Hxu3VTR0ZO9uGxfFa72DVudnHk},
  year = {2015},
  publisher = {IOS Press}
}

@misc{UCI.2016,
  author = {Mouzannar, H. and Rizk, Y. and Awad, M.},
  title = {Multimodal Damage Identification for Humanitarian Computing Data Set},
  institution = {University of California-Irvine Machine Learning Repository},
  url = {https://archive.ics.uci.edu/ml/datasets/Multimodal+Damage+Identification+for+Humanitarian+Computing?fbclid=IwAR2nGqaSe6WY7UsYPmu5IeP7xlVsU1UkuPHx7Qs4oYqkX5SmmuocRydTmUE},
  year = {2016}
}

@book{alsm.2005,
title = {Applied Linear Statistical Models},
author = {Kutner, M., Nachtheim, C., Neter, J., Li, W.},
isbn = {9781259064746},
year = {2005},
publisher = {McGraw-Hill Education}
}